<collection xmlns="http://www.loc.gov/MARC21/slim">
<record>
  <leader>01285nam0a22001811i 450 </leader>
  <controlfield tag="001">IT\ICCU\CNCE\022549</controlfield>
  <controlfield tag="005">20100326000000.0</controlfield>
  <datafield tag="100" ind1=" " ind2=" ">
    <subfield code="a">19970101f1530        0itac0103    ba</subfield>
  </datafield>
  <datafield tag="101" ind1=" " ind2=" ">
    <subfield code="a">ITA</subfield>
  </datafield>
  <datafield tag="102" ind1=" " ind2=" ">
    <subfield code="a">IT</subfield>
  </datafield>
  <datafield tag="200" ind1="1" ind2=" ">
    <subfield code="a">Historia come Lazaro Martha e Magdalena morto che fu el padre e la madre loro abandonorno tutto el loro stato, e molti lor beni, che haueuano et per amor di Jhesu Christo distribuirno, e predicando el suo nome glorioso e santo molta gente conuertiuano. Taliter che li perfidi et obstinati giudei secretamente gli messono in una barchetta senza armeggi, e con poca vituaglia per viuere credendo vituperosamente anegar douessino.Ma per gratia del bon Jhesu el mare li condusse nel porto di Marsilia in Prouenza,doue per Dio gratia el re e la regina con tutti i popoli conuertirno ...</subfield>
  </datafield>
  <datafield tag="210" ind1=" " ind2=" ">
    <subfield code="d">\circa 1530!</subfield>
  </datafield>
  <datafield tag="215" ind1=" " ind2=" ">
    <subfield code="a">\6! c.</subfield>
    <subfield code="c">ill.</subfield>
    <subfield code="d">4ʻ</subfield>
  </datafield>
  <datafield tag="300" ind1=" " ind2=" ">
    <subfield code="a">Stampata probabilmente a Venezia; per il luogo e la data cfr.: A. Cioni, La poesia religiosa. I cantari agiografici e le rime di argomento sacro. A cura di A. Cioni, p. 200, n. 4. - Nome del compilatore, Giovanni Fiorentino, in calce al testo</subfield>
  </datafield>
  <datafield tag="620" ind1=" " ind2=" ">
    <subfield code="a">IT</subfield>
    <subfield code="d">Venezia</subfield>
  </datafield>
  <datafield tag="702" ind1=" " ind2="0">
    <subfield code="a">Giovanni</subfield>
    <subfield code="c"> : Fiorentino</subfield>
    <subfield code="c"> &lt;francescano&gt;</subfield>
    <subfield code="3">IT\ICCU\CNCA\006107</subfield>
  </datafield>
  <datafield tag="712" ind1="0" ind2="2">
    <subfield code="a">s.n.</subfield>
    <subfield code="3">IT\ICCU\CNCT\000002</subfield>
    <subfield code="4">650</subfield>
  </datafield>
  <datafield tag="801" ind1=" " ind2="3">
    <subfield code="a">IT</subfield>
    <subfield code="b">ICCU</subfield>
    <subfield code="c">20201114</subfield>
  </datafield>
</record>
</collection>
